@article{andersson1968,
  title={Response characteristics of muscle spindle endings at constant length to variations in fusimotor activation},
  author={Andersson, Bengt F and Lennerstrand, Gunnar and Thoden, Uwe},
  journal={Acta Physiologica Scandinavica},
  volume={74},
  number={3},
  pages={301--318},
  year={1968},
  publisher={Wiley Online Library},
}

@article{banks1994,
  title={The motor innervation of mammalian muscle spindles},
  author={Banks, RW},
  journal={Progress in neurobiology},
  volume={43},
  number={4-5},
  pages={323--362},
  year={1994},
  publisher={Elsevier}
}

@article{burke1977,
  title={Histochemical and physiological profile of a skeletofusimotor ($\beta$) unit in cat soleus muscle},
  author={Burke, Robert E and Tsairis, Peter},
  journal={Brain research},
  volume={129},
  number={2},
  pages={341--345},
  year={1977},
  publisher={Elsevier}
}

@article{crowe1964,
  title={The effects of stimulation of static and dynamic fusimotor fibres on the response to stretching of the primary endings of muscle spindles},
  author={Crowe, A and Matthews, PBC},
  journal={The Journal of physiology},
  volume={174},
  number={1},
  pages={109},
  year={1964},
  publisher={Wiley-Blackwell}
}

@ARTICLE{opencor,
    AUTHOR={Garny, Alan and Hunter, Peter J.},   
    TITLE={OpenCOR: a modular and interoperable approach to computational biology},      
    JOURNAL={Frontiers in Physiology},      
    VOLUME={6},      
    PAGES={26},     
    YEAR={2015},      
    DOI={10.3389/fphys.2015.00026},      
    ISSN={1664-042X},   
}

@article{grandjean2014,
  title={Model-based prediction of fusimotor activity and its effect on muscle spindle activity during voluntary wrist movements},
  author={Grandjean, Bernard and Maier, Marc A},
  journal={Journal of computational neuroscience},
  volume={37},
  number={1},
  pages={49--63},
  year={2014},
  publisher={Springer}
}

@article{hulliger1977a,
  title={Static and dynamic fusimotor action on the response of Ia fibres to low frequency sinusoidal stretching of widely ranging amplitude},
  author={Hulliger, M and Matthews, PBC and Noth, J},
  journal={The Journal of physiology},
  volume={267},
  number={3},
  pages={811--838},
  year={1977},
  publisher={Wiley Online Library}
}

@article{hulliger1977b,
  title={Effects of combining static and dynamic fusimotor stimulation on the response of the muscle spindle primary ending to sinusoidal stretching.},
  author={Hulliger, M and Matthews, PB and Noth, J},
  journal={The Journal of physiology},
  volume={267},
  number={3},
  pages={839--856},
  year={1977},
  publisher={Wiley Online Library}
}

@book{kandel2000,
  title={Principles of neural science},
  author={Kandel, Eric R and Schwartz, James H and Jessell, Thomas M and Department of Biochemistry and Molecular Biophysics Thomas Jessell and Siegelbaum, Steven and Hudspeth, AJ},
  volume={4},
  year={2000},
  publisher={McGraw-hill New York}
}

@article{lennerstrand1968a,
  title={Position and velocity sensitivity of muscle spindles in the cat. I. Primary and secondary endings deprived of fusimotor activation},
  author={Lennerstrand, Gunnar},
  journal={Acta Physiologica Scandinavica},
  volume={73},
  number={3},
  pages={281--299},
  year={1968},
  publisher={Wiley Online Library}
}
@article{lennerstrand1968b,
  title={Position and velocity sensitivity of muscle spindles in the cat. II. Dynamic fusimotor single-fibre activation of primary endings},
  author={Lennerstrand, Gunnar and Thoden, Uwe},
  journal={Acta Physiologica Scandinavica},
  volume={74},
  number={1-2},
  pages={16--29},
  year={1968},
  publisher={Wiley Online Library}
}

@article{lennerstrand1968c,
  title={Position and velocity sensitivity of muscle spindles in the cat. III. Static fusimotor single-fibre activation of primary and secondary endings},
  author={Lennerstrand, Gunnar and Thoden, Uwe},
  journal={Acta Physiologica Scandinavica},
  volume={74},
  number={1-2},
  pages={30--49},
  year={1968},
  publisher={Wiley Online Library}
}

@article{lennerstrand1968d,
  title={Dynamic analysis of muscle spindle endings in the cat using length changes of different length-time relations},
  author={Lennerstrand, Gunnar and Thoden, Uwe},
  journal={Acta Physiologica Scandinavica},
  volume={73},
  number={1-2},
  pages={234--250},
  year={1968},
  publisher={Wiley Online Library}
}

@article{macefield2018,
  title={Functional properties of human muscle spindles},
  author={Macefield, Vaughan G and Knellwolf, Thomas P},
  journal={Journal of neurophysiology},
  volume={120},
  number={2},
  pages={452--467},
  year={2018},
  publisher={American Physiological Society Bethesda, MD}
}

@article{maltenfort2003,
  title={Spindle model responsive to mixed fusimotor inputs and testable predictions of $\beta$ feedback effects},
  author={Maltenfort, Mitchell G and Burke, RE},
  journal={Journal of neurophysiology},
  volume={89},
  number={5},
  pages={2797--2809},
  year={2003},
  publisher={American Physiological Society Bethesda, MD},
  doi={10.1152/jn.00942.2002}
}

@article{matthews1962,
  title={The differentiation of two types of fusimotor fibre by their effects on the dynamic response of muscle spindle primary endings},
  author={Matthews, PBC},
  journal={Quarterly Journal of Experimental Physiology and Cognate Medical Sciences: Translation and Integration},
  volume={47},
  number={4},
  pages={324--333},
  year={1962},
  publisher={Wiley Online Library}
}

@article{rohrle2019,
  title={Multiscale modeling of the neuromuscular system: coupling neurophysiology and skeletal muscle mechanics},
  author={R{\"o}hrle, Oliver and Yavuz, Utku {\c{S}} and Klotz, Thomas and Negro, Francesco and Heidlauf, Thomas},
  journal={Wiley Interdisciplinary Reviews: Systems Biology and Medicine},
  volume={11},
  number={6},
  pages={e1457},
  year={2019},
  publisher={Wiley Online Library},
  doi={10.1002/wsbm.1457}
}

@article{schafer1974,
  title={The discharge frequencies of primary muscle spindle endings during simultaneous stimulation of two fusimotor filaments},
  author={Sch{\"a}fer, SS},
  journal={Pfl{\"u}gers Archiv},
  volume={350},
  number={4},
  pages={359--372},
  year={1974},
  publisher={Springer}
}

@article{lloyd2004,
  title={CellML: its future, present and past},
  author={Lloyd, Catherine M and Halstead, Matt DB and Nielsen, Poul F},
  journal={Progress in biophysics and molecular biology},
  volume={85},
  number={2-3},
  pages={433--450},
  year={2004},
  publisher={Elsevier},
  doi={10.1016/j.pbiomolbio.2004.01.004}
}

@article{roehrle2017,
  author = {R{\"o}hrle, O. and Sprenger, M. and Schmitt, S.},
  day = 01,
  doi = {10.1007/s10237-016-0850-x},
  journal = {Biomechanics and Modeling in Mechanobiology},
  month = {06},
  number = 3,
  pages = {743--762},
  title = {A two-muscle, continuum-mechanical forward simulation of the upper limb},
  volume = 16,
  year = 2017
}